
@TechReport{areport,
author = {D. K. Arvind},
title = {Wireless sensor networks â€“ a mission to the {USA} },
institution = {University of Edinburgh},
year = {2005},
month = {Nov.},
}
@Misc{Zbee,
author = {Zigbee-Alliance},
title = {Understanding {Z}igbee},
url = {http://www.zigbee.org},
note = {[Accessed : 11-02-2013]},
}
@BOOK{MATLAB,
author = {MATLAB},
title = {version 7.8.0(R2009a)},
publisher = {The MathWorks Inc.},
address = {Natick, Massachusetts},
year = {2009},
}

% %------- % %
@ARTICLE{Hill,
 author = {Hill Jason and Horton Mike and Kling Ralph and Krishnamurthy Lakshman},
 title = {The platforms enabling wireless sensor networks},
 journal = {{Communications} of ACM},
 volume = {47},
 number = {6},
 month = {Jun.},
 year = {2004},
 issn = {0001-0782},
 pages = {41--46},
 publisher = {ACM},
 address = {New York, NY, USA},
} 
@ARTICLE{Akyildiz,
author={Akyildiz, I.F. and Weilian Su and Sankarasubramaniam, Y. and Cayirci, E.},
journal={ IEEE Communications Magazine},
 title={A survey on sensor networks},
year={2002},
month={Aug.},
volume={40},
number={8},
pages={ 102 - 114},
}

% %------- % %
@INPROCEEDINGS{LiuMZ08a,
  author    = {Liang Liu and Huadong Ma and Xi Zhang},
  title     = {Analysis for Localization-Oriented Coverage in Camera Sensor Networks},
  booktitle = {Proceedings of Wireless Communications {\&} Networking Conference},
  month     = {Mar.},
  year      = {2008},
  pages     = {2579-2584},
  location   = {Las Vegas},
  publisher = {IEEE},
  address = {New York, USA},
 }
% %------- % %
@ARTICLE{LLL,
 author = {Liu, Y and Yang, Z and Wang, X },
 title = {Location, localization, and localizability},
 journal = {Journal of Computer Science and Technology},
 volume = {25},
 number = {2},
 month = {Mar.},
 year = {2010},
 pages = {247--297},
 } 
% %------- % %
